<?xml version="1.0" encoding="UTF-8"?><collection xmlns="http://www.loc.gov/MARC21/slim"><record><leader>00669nam--2200205-u-4500</leader><controlfield tag="001">000054156</controlfield><controlfield tag="002">20161230</controlfield><controlfield tag="005">20161230201051</controlfield><controlfield tag="008">110913s1000------------r-----000-0-rus-d</controlfield><datafield ind1=" " ind2=" " tag="040"><subfield code="a">IFIN-HH</subfield></datafield><datafield ind1=" " ind2=" " tag="041"><subfield code="a">rus</subfield></datafield><datafield ind1=" " ind2=" " tag="080"><subfield code="a">621.385.833:537.533.35</subfield></datafield><datafield ind1="1" ind2=" " tag="100"><subfield code="a">Goldstein, Joseph I</subfield></datafield><datafield ind1="1" ind2="0" tag="245"><subfield code="a">Prakticeskaia rastrovaia elektronnaia mikroskopia</subfield><subfield code="c">Joseph i. goldstein, harvey yakowitz (eds.)</subfield></datafield><datafield ind1=" " ind2=" " tag="260"><subfield code="a">Moskva</subfield><subfield code="b">Mir</subfield><subfield code="c">1978</subfield></datafield><datafield ind1=" " ind2=" " tag="300"><subfield code="a">656P</subfield></datafield><datafield ind1=" " ind2=" " tag="500"><subfield code="a">Titlul Original In Limba Engleza: Practical Scanning Electron Microscopy Electron And Ion Microprobe Analysis</subfield></datafield><datafield ind1="1" ind2=" " tag="700"><subfield code="a">Yakowitz, Harvey</subfield><subfield code="e">Ed</subfield></datafield><datafield ind1=" " ind2=" " tag="852"><subfield code="a">47198</subfield><subfield code="c">537.533.35</subfield></datafield><datafield ind1=" " ind2=" " tag="CAT"><subfield code="a">Sys</subfield><subfield code="c">20110913</subfield><subfield code="h">135445</subfield></datafield></record></collection>